
@book{heuristica,
  title={Artificial Intelligence},
  author={Elaine Rich,Kevin Knight,Shivashankar B. Nair},	
  publisher={Tata McGraw-Hill Education Pvt. Ltd.},
  year={1993}
}

@book{Tom,		 
 	title={Machine Learning},		 
 	author={Tom M. Mitchell},		 
 	year={1997}			 
 }		 
@book{Brett,		 
 	title={Machine Learning with R},		 
 	author={Brett Lantz},		 
 	year={2013},		  
 	publisher={Packt Publishing Ltd.}
}

@book{k-means,
  title={A k-means clustering algorithm in Applied Statistics},
	author={Hartigan, J.A. and Wong},
	volume={28},
	year={1979},
	publisher={M.A.},
  pages={100-108}
}

@INPROCEEDINGS{Zhu03semi-supervisedlearning,
    author = {Xiaojin Zhu and Zoubin Ghahramani and John Lafferty},
    title = {Semi-Supervised Learning Using Gaussian Fields and Harmonic Functions},
    booktitle = {IN ICML},
    year = {2003},
    pages = {912--919},
    publisher = {}
}

@INPROCEEDINGS{Zhou04learningwith,
    author = {Dengyong Zhou and Olivier Bousquet and Thomas Navin Lal and Jason Weston and Bernhard Schölkopf},
    title = {Learning with local and global consistency},
    booktitle = {Advances in Neural Information Processing Systems 16},
    year = {2004},
    pages = {321--328},
    publisher = {MIT Press}
}

@article{indutive-learning,
 author = {Belkin, Mikhail and Niyogi, Partha and Sindhwani, Vikas},
 title = {Manifold Regularization: A Geometric Framework for Learning from Labeled and Unlabeled Examples},
 journal = {J. Mach. Learn. Res.},
 issue_date = {12/1/2006},
 volume = {7},
 month = dec,
 year = {2006},
 issn = {1532-4435},
 pages = {2399--2434},
 numpages = {36}, 
 acmid = {1248632},
 publisher = {JMLR.org},
} 

@article{mdp,
 author = {Elena Zanini},
 title = {Markov Decision Processes},
 journal = {Lancaster University},
 publisher = {www.lancaster.ac.uk/},
 year={2014}
} 

@misc{uso_ml,
  title={Machine Learning: What it is and why it matters?},
  author={Priyadharshini},	
  howpublished={Disponível em: \url{https://www.simplilearn.com/what-is-machine-learning-and-why-it-matters-article}},
  note = {Acesso em: 18 set. 2016},
  year={2015},
}

@misc{IA_Web,
  title={Inteligência Artificial},
  author={Marco Aurélio Da Silva},	
  howpublished={Disponível em: \url{http://brasilescola.uol.com.br/informatica/inteligencia-artificial.html}},
  note = {Acesso em: 20 set. 2016},
  year={2016},
}
@misc{FilosofiaCiencia,
  title={Filosofia da Ciência},
  author={Filipe Rangel Celeti},	
  howpublished={Disponível em: \url{http://mundoeducacao.bol.uol.com.br/filosofia/filosofia-ciencia.htm}},
  note = {Acesso em: 22 set. 2016},
  year={2016},
}

@article{bigdata,
	title={Information Management and Big Data A Reference Architecture},
	author={ Doug Cackett, Andrew Bond and John Gouk},
	publisher={Oracle Corporation},
	year={2013}
}

@article{TeoriaInformacao,
	title={Teoria da informação},
	author={Rodrigo Pavao},
	journal={Instituto de Biociências da USP},	
	year={2011}
}
@article{vscomp,
  title={Visão Computacional},
  author={Luiz Romário Santana Rios},   
  journal={Departamento de Ciência da computação – Universidade Federal da Bahia (UFBA)},
  year={2010}
}
@misc{ocr,
  title={Reconhecimento ótico de caracteres},
  author={Wikipedia},	
  howpublished={Disponível em: \url{https://pt.wikipedia.org/wiki/Reconhecimento_%C3%B3tico_de_caracteres}},
  note = {Acesso em: 28 out. 2016},
  year={2016}
}

@misc{insight,
  title={Significado de Insight},
  author={Significados},	
  howpublished={Disponível em: \url{https://www.significados.com.br/insight/}},
  note = {Acesso em: 30 out. 2016},  
  year={2016}
}

@article{Valiant:1984:TL:1968.1972,
 author = {Valiant, L. G.},
 title = {A Theory of the Learnable},
 journal = {Commun. ACM},
 issue_date = {Nov. 1984},
 volume = {27},
 number = {11},
 month = nov,
 year = {1984},
 issn = {0001-0782},
 pages = {1134--1142},
 numpages = {9}, 
 doi = {10.1145/1968.1972},
 acmid = {1972},
 publisher = {ACM},
 address = {New York, NY, USA},
 keywords = {inductive inference, probabilistic models of learning, propositional expressions},
} 


@article{hordijk1992,
title = "On ergodicity and recurrence properties of a Markov chain by an application to an open jackson network",
doi = "10.1017/S000186780004756X",
publisher = "Cambridge University Press",
address = "Cambridge, UK",
author = "Arie Hordijk and Flora Spieksma",
volume = "24",
number = "2",
pages = "343-376",
year = "1992",
month = "006",
day = "001",
journal = "Advances in Applied Probability"
}

@misc{descritiva,
  title={PESQUISAS: EXPLORATÓRIA, DESCRITIVA E EXPLICATIVA},
  author={Vânia Maria do Nascimento Duarte},	
  howpublished={Disponível em: \url{http://monografias.brasilescola.uol.com.br/regras-abnt/pesquisas-exploratoria-descritiva-explicativa.html}},
  note = {Acesso em: 20 out. 2016},
  year={2012},
}

@misc{qualitativa,
  title={PESQUISA QUANTITATIVA E QUALITATIVA},
  author={Vânia Maria do Nascimento Duarte},	
  howpublished={Disponível em: \url{http://monografias.brasilescola.uol.com.br/regras-abnt/pesquisas-exploratoria-descritiva-explicativa.html}},
  note = {Acesso em: 20 out. 2016},
  year={2012},
}

@misc{cran-package,
  title={Available Packages},
  author={CRAN Comunity},
  howpublished={Disponível em: \url{https://cran.r-project.org/}},
  note = {Acesso em: 20 nov. 2016},
  year={2016},
}
